  @string{acmcs    = "ACM Computing Surveys"}
  @string{asp      = "Alcock, Shearing, and Partners, London, UK"}
  @string{aw       = "Addison-Wesley"}
  @string{cacm     = "Comm. ACM"}
  @string{cenparmi = "Centre for Pattern Recognition and Machine Intelligence, Concordia University"}
  @string{comp     = "IEEE Computer"}
  @string{cup      = "Cambridge University Press"}
  @string{dcs      = "Department of Computer Science, Concordia University"}
  @string{ecoop    = "European Conf. on Object Oriented Programming"}
  @string{esa      = "Expert Systems with Applications (US)"}
  @string{ems      = "Electronic Music Studios, London, UK"}
  @string{jacm     = "J. ACM"}
  @string{jlp      = "J. Logic Programming"}
  @string{joop     = "J. Object-Oriented Programming"}
  @string{lfp      = "Proc. ACM Conf. on LISP and Functional Programming"}
  @string{oops     = "Proc. ACM Conf. on Object-Oriented Programming Systems, Languages and Applications"}
  @string{pg       = "P. Grogono"}
  @string{pldi     = "ACM Conf. on Programming Language Design and Implementation"}
  @string{phi      = "Prentice Hall International"}
  @string{popl     = "Proc. ACM Symp. on Principles of Programming Languages"}
  @string{popl78   = "Proc. Fifth ACM Symp. on Principles of Programming Languages"}
  @string{popl85   = "Proc. Twelfth ACM Symp. on Principles of Programming Languages"}
  @string{popl86   = "Proc. Thirteenth ACM Symp. on Principles of Programming Languages"}
  @string{popl88   = "Proc. Fifteenth ACM Symp. on Principles of Programming Languages"}
  @string{popl89   = "Proc. Sixteenth ACM Symp. on Principles of Programming Languages"}
  @string{sigcse   = "ACM SIGCSE Bulletin"}
  @string{sigplan  = "ACM SIGPLAN Notices"}
  @string{sigsen   = "ACM Software Engineering Notes"}
  @string{soft     = "IEEE Software"}
  @string{sooppa   = "Proc. Symp. on Object-Oriented Programming Emphasizing Practical Applications (SOOPPA)"}
  @string{spe      = "Software: Practice and Experience"}
  @string{surv     = "ACM Computing Surveys"}
  @string{tcs      = "Theoretical Computer Science"}
  @string{toplas   = "ACM Trans. Programming Languages and Systems"}
  @string{tse      = "IEEE Trans. Soft. Engrg."}
